<?xml version="1.0" encoding="UTF-8"?><record xmlns="http://www.loc.gov/MARC21/slim" xmlns:cinclude="http://apache.org/cocoon/include/1.0" xmlns:zs="http://www.loc.gov/zing/srw/">
  <leader>00668cz  a2200133n  4500</leader>
  <controlfield tag="001">n  86021575 </controlfield>
  <controlfield tag="003">DLC</controlfield>
  <controlfield tag="005">19880718071538.9</controlfield>
  <controlfield tag="008">870916n| acannaab|          |a ana ||| c</controlfield>
  <datafield tag="010" ind1=" " ind2=" ">
    <subfield code="a">n  86021575 </subfield>
  </datafield>
  <datafield tag="040" ind1=" " ind2=" ">
    <subfield code="a">CSt</subfield>
    <subfield code="c">DLC</subfield>
    <subfield code="d">DLC</subfield>
  </datafield>
  <datafield tag="110" ind1="2" ind2="0">
    <subfield code="a">PLANLangPol Committee (Australia)</subfield>
  </datafield>
  <datafield tag="410" ind1="2" ind2="0">
    <subfield code="a">Professional Language Associations for a National Language Policy (Committee : Australia)</subfield>
  </datafield>
  <datafield tag="670" ind1=" " ind2=" ">
    <subfield code="a">A National language policy for Australia, 1983:</subfield>
    <subfield code="b">t.p. (PLANLangPol Committee) p. 1 (PLANLangPol Committee (Professional Language Associations for a National Language Policy); estab. 1981 by the Applied Linguistics Association of Australia (ALAA) and five other professional associations)</subfield>
  </datafield>
</record>